@ARTICLE
{
		Nom,
		author = "Guide to ...",
		title = "Introduction to ...",
		journal = "http://www....",
		year = "201x"
}